@book{DBLP:books/lib/Knuth97,
  author    = {Donald Ervin Knuth},
  title     = {The art of computer programming, Volume {I:} Fundamental Algorithms, 3rd Edition},
  publisher = {Addison-Wesley},
  year      = {1997},
  url       = {https://www.worldcat.org/oclc/312910844},
  isbn      = {0201896834},
}
